@article{agnes2016environmental,
  title={The environmental impact of plastic waste incineration},
  author={{\'A}gnes, Nagy and Rajmund, KUTI},
  journal={AARMS--Academic and Applied Research in Military and Public Management Science},
  volume={15},
  number={3},
  pages={231--237},
  year={2016}
}

@article{yamamoto1999quantities,
  title={Quantities of bisphenol A leached from plastic waste samples},
  author={Yamamoto, Takashi and Yasuhara, Akio},
  journal={Chemosphere},
  volume={38},
  number={11},
  pages={2569--2576},
  year={1999},
  publisher={Elsevier}
}

@article{drzyzga2019plastic,
  title={Plastic waste management, a matter for the ‘community’},
  author={Drzyzga, Oliver and Prieto, Auxiliadora},
  journal={Microbial biotechnology},
  volume={12},
  number={1},
  pages={66},
  year={2019},
  publisher={Wiley-Blackwell}
}

@article{jambeck2015plastic,
  title={Plastic waste inputs from land into the ocean},
  author={Jambeck, Jenna R and Geyer, Roland and Wilcox, Chris and Siegler, Theodore R and Perryman, Miriam and Andrady, Anthony and Narayan, Ramani and Law, Kara Lavender},
  journal={Science},
  volume={347},
  number={6223},
  pages={768--771},
  year={2015},
  publisher={American Association for the Advancement of Science}
}

@article{leal2019overview,
  title={An overview of the problems posed by plastic products and the role of extended producer responsibility in Europe},
  author={Leal Filho, Walter and Saari, Ulla and Fedoruk, Mariia and Iital, Arvo and Moora, Harri and Kl{\"o}ga, Marija and Voronova, Viktoria},
  journal={Journal of cleaner production},
  volume={214},
  pages={550--558},
  year={2019},
  publisher={Elsevier}
}

@article{richter2011novo,
  title={De novo enzyme design using Rosetta3},
  author={Richter, Florian and Leaver-Fay, Andrew and Khare, Sagar D and Bjelic, Sinisa and Baker, David},
  journal={PloS one},
  volume={6},
  number={5},
  pages={e19230},
  year={2011},
  publisher={Public Library of Science San Francisco, USA}
}

@article{kiss2013computational,
  title={Computational enzyme design},
  author={Kiss, Gert and {\c{C}}elebi-{\"O}l{\c{c}}{\"u}m, Nihan and Moretti, Rocco and Baker, David and Houk, KN},
  journal={Angewandte Chemie International Edition},
  volume={52},
  number={22},
  pages={5700--5725},
  year={2013},
  publisher={Wiley Online Library}
}

@article{fleishman2011rosettascripts,
  title={RosettaScripts: a scripting language interface to the Rosetta macromolecular modeling suite},
  author={Fleishman, Sarel J and Leaver-Fay, Andrew and Corn, Jacob E and Strauch, Eva-Maria and Khare, Sagar D and Koga, Nobuyasu and Ashworth, Justin and Murphy, Paul and Richter, Florian and Lemmon, Gordon and others},
  journal={PloS one},
  volume={6},
  number={6},
  pages={e20161},
  year={2011},
  publisher={Public Library of Science San Francisco, USA}
}

@article{joo2018structural,
  title={Structural insight into molecular mechanism of poly (ethylene terephthalate) degradation},
  author={Joo, Seongjoon and Cho, In Jin and Seo, Hogyun and Son, Hyeoncheol Francis and Sagong, Hye-Young and Shin, Tae Joo and Choi, So Young and Lee, Sang Yup and Kim, Kyung-Jin},
  journal={Nature communications},
  volume={9},
  number={1},
  pages={1--12},
  year={2018},
  publisher={Nature Publishing Group}
}

@article{zhang2020microplastics,
  title={Microplastics in soils: a review of possible sources, analytical methods and ecological impacts},
  author={Zhang, Bin and Yang, Xin and Chen, Liang and Chao, Jinyu and Teng, Jia and Wang, Qing},
  journal={Journal of Chemical Technology \& Biotechnology},
  volume={95},
  number={8},
  pages={2052--2068},
  year={2020},
  publisher={Wiley Online Library}
}

@article{geyer2017production,
  title={Production, use, and fate of all plastics ever made},
  author={Geyer, Roland and Jambeck, Jenna R and Law, Kara Lavender},
  journal={Science advances},
  volume={3},
  number={7},
  pages={e1700782},
  year={2017},
  publisher={American Association for the Advancement of Science}
}

@article{do2014present,
  title={The present and future of microplastic pollution in the marine environment},
  author={do Sul, Juliana A Ivar and Costa, Monica F},
  journal={Environmental pollution},
  volume={185},
  pages={352--364},
  year={2014},
  publisher={Elsevier}
}

@article{vidali2001bioremediation,
  title={Bioremediation. an overview},
  author={Vidali, Mn},
  journal={Pure and applied chemistry},
  volume={73},
  number={7},
  pages={1163--1172},
  year={2001},
  publisher={De Gruyter}
}

@article{bano2017microbial,
  title={Microbial enzymatic degradation of biodegradable plastics},
  author={Bano, Kulsoom and Kuddus, Mohammed and R Zaheer, Mohammed and Zia, Qamar and F Khan, Mohammed and Gupta, Anamika and Aliev, Gjumrakch and others},
  journal={Current Pharmaceutical Biotechnology},
  volume={18},
  number={5},
  pages={429--440},
  year={2017},
  publisher={Bentham Science Publishers}
}

@article{kries2013novo,
  title={De novo enzymes by computational design},
  author={Kries, Hajo and Blomberg, Rebecca and Hilvert, Donald},
  journal={Current opinion in chemical biology},
  volume={17},
  number={2},
  pages={221--228},
  year={2013},
  publisher={Elsevier}
}

@article{karigar2011role,
  title={Role of microbial enzymes in the bioremediation of pollutants: a review},
  author={Karigar, Chandrakant S and Rao, Shwetha S},
  journal={Enzyme research},
  volume={2011},
  year={2011},
  publisher={Hindawi Limited}
}

@article{chamas2020degradation,
  title={Degradation rates of plastics in the environment},
  author={Chamas, Ali and Moon, Hyunjin and Zheng, Jiajia and Qiu, Yang and Tabassum, Tarnuma and Jang, Jun Hee and Abu-Omar, Mahdi and Scott, Susannah L and Suh, Sangwon},
  journal={ACS Sustainable Chemistry \& Engineering},
  volume={8},
  number={9},
  pages={3494--3511},
  year={2020},
  publisher={ACS Publications}
}

@article{tantillo2000theozymes,
  title={Theozymes and catalyst design},
  author={Tantillo, Dean J and Houk, KN},
  journal={Stimulating Concepts in Chemistry},
  pages={79--88},
  year={2000},
  publisher={Wiley Online Library}
}
